@book{rudin,
   author = {Rudin, Walter},
   title = {Principles of Mathematical Analysis},
   year = {1976},
   publisher = {McGraw-Hill},
}

@book{hyndman,
	author = {Hyndman, R.J., and Athanasopoulos, G.},
	year =  {2018},
	title = { Forecasting: principles and practice},
	publisher={OTexts: Melbourne, Australia. OTexts.com/fpp2.},
}

@book{df,
	author = {Holmes, E. E., M. D. Scheuerell, and E. J. Ward.},
	title = {Applied time series analysis for fisheries and environmental data.},
	publisher = {NOAA Fisheries, Northwest Fisheries Science Center},
}
 

@misc{prep-time,
	title = "\url{https://www.forbes.com/sites/gilpress/2016/03/23/data-preparation-most-time-consuming-least-enjoyable-data-science-task-survey-says/#70edfd626f63}",
	year = "Consultado el 25 de abril de 2020",
}

@inproceedings{na1,
author = {Pratama, Irfan and Permanasari, Adhistya and Ardiyanto, Igi and Indrayani, Rini},
year = {2016},
month = {10},
pages = {1-6},
title = {A review of missing values handling methods on time-series data},
doi = {10.1109/ICITSI.2016.7858189}
}

@misc{gigo,
	title = "\url{https://techterms.com/definition/gigo}",
	year = "Consultado el 25 de abril de 2020",
}


@article{RJ-2017-009,
  author = {Steffen Moritz and Thomas Bartz-Beielstein},
  title = {{imputeTS: Time Series Missing Value Imputation in R}},
  year = {2017},
  journal = {{The R Journal}},
  doi = {10.32614/RJ-2017-009},
  url = {https://doi.org/10.32614/RJ-2017-009},
  pages = {207--218},
  volume = {9},
  number = {1}
}



@article{keel,
	title = "KEEL: Knowledge Extraction based on Evolutionary Learning",
	journal = "www.keel.es",
}

@article{vowel,
	title = "https://sci2s.ugr.es/keel/dataset.php?cod=113",
}

@article{wankara,
	title = "https://sci2s.ugr.es/keel/dataset.php?cod=41",
}

@article{ankara-weather,
	title = "https://es.weatherspark.com/y/97345/Clima-promedio-en-Ankara-Turqu%C3%ADa-durante-todo-el-a%C3%B1o",
}

@article{vowel-uci,
	title = "UCI: Vowel detection",
	journal = "http://archive.ics.uci.edu/ml/datasets/Connectionist+Bench+%28Vowel+Recognition+-+Deterding+Data%29",
}

@article{10.1093/biomet/52.3-4.591,
    author = {SHAPIRO, S. S. and WILK, M. B.},
    title = "{An analysis of variance test for normality (complete samples)â€ }",
    journal = {Biometrika},
    volume = {52},
    number = {3-4},
    pages = {591-611},
    year = {1965},
    month = {12},
    issn = {0006-3444},
    doi = {10.1093/biomet/52.3-4.591},
    url = {https://doi.org/10.1093/biomet/52.3-4.591},
    eprint = {http://oup.prod.sis.lan/biomet/article-pdf/52/3-4/591/962907/52-3-4-591.pdf},
}


@article{10.1080/01621459.1967.10482916,
author = { Hubert W.   Lilliefors },
title = {On the Kolmogorov-Smirnov Test for Normality with Mean and Variance Unknown},
journal = {Journal of the American Statistical Association},
volume = {62},
number = {318},
pages = {399-402},
year  = {1967},
publisher = {Taylor & Francis},
doi = {10.1080/01621459.1967.10482916},

URL = { 
        https://www.tandfonline.com/doi/abs/10.1080/01621459.1967.10482916
    
},
eprint = { 
        https://www.tandfonline.com/doi/pdf/10.1080/01621459.1967.10482916
    
}

}

@article{10.1093/biomet/55.1.1,
    author = {WILK, M. B. and GNANADESIKAN, R.},
    title = "{Probability plotting methods for the analysis for the analysis of data}",
    journal = {Biometrika},
    volume = {55},
    number = {1},
    pages = {1-17},
    year = {1968},
    month = {03},
    abstract = "{This paper describes and discusses graphical techniques, based on the primitive empirical cumulative distribution function and on quantile (Q-Q) plots, percent (p-p) plots and hybrids of these, which are useful in assessing a one-diamensional sample, either from original data or resulting from analysis. Areas of application include: the comparison of samples; the comparison of distributions; the presentation of results on sensitivities of statistical methods; the analysis of collections of contrasts and of collections of sample variances; the assessment of multivariate contrasts; and the structuring of analysis of variances; mean squares. Many of the objectives and techniques are illustrated by examples.}",
    issn = {0006-3444},
    doi = {10.1093/biomet/55.1.1},
    url = {https://doi.org/10.1093/biomet/55.1.1},
    eprint = {http://oup.prod.sis.lan/biomet/article-pdf/55/1/1/730568/55-1-1.pdf},
}

@article{regresion,
	author = {Gareth James, Daniela Witten, Trevor Hastie and Robert Tibshirani},
	title = "{An Introduction to Statistical Learning with Applications in R}",
	journal = {Springer},
	year = {2013},
}


@article{aiexpl,
	author= {Robbins, S},
	title = "{A Misdirected Principle with a Catch: Explicability for AI.}",
	journal = {Minds and Machines. Springer},
	year = {2019},
	doi = {10.1007/s11023-019-09509-3},
}

