@misc{moa-manual,
	title = "\url{https://www.cs.waikato.ac.nz/~abifet/MOA/Manual.pdf}",
	year = "consultado entre el 9 de abril y el 13 de abril",
}

@book{umw,
	author = {Hettmansperger, T.P.; McKean, J.W.},
	title = {Robust nonparametric statistical methods. Kendall's Library of Statistics.},
	year = {1998},
	publisher = {John Wiley and Sons}
}

@article{apuntes,
	title = {Apuntes de Minería de Flujo de Datos},
	journal= {Máster Oficial Universitario en Ciencia de Datos e Ingeniería de Computadores},
	author = {Jorge Casillas Barranquero},
	year = "2020"
}
@article{sw,
	author = {Shapiro, S. S.; Wilk, M. B.},
	title = {An analysis of variance test for normality (complete samples)},
	journal = {Biometrika},
	doi = {10.1093/biomet/52.3-4.591},
	pages = {591-611}
}

@article{hsp,
	author = {J. Casillas, S. Wang, X. Yao},
	title = {Concept Drift Detection in Histogram-Based Straightforward Data Stream Classification},
	journal = {6th International Workshop on Data Science and Big Data Analytics, IEEE International Conference on Data Mining},
	year = {2018}
}
@misc{HA,
	title = "\url{https://www.cs.waikato.ac.nz/~abifet/MOA/API/classmoa_1_1classifiers_1_1trees_1_1_hoeffding_adaptive_tree.html#details}",
	year = "consultado entre el 9 de abril y el 13 de abril",
}

@inproceedings{ddm,
author = {Gama, João and Medas, Pedro and Castillo, Gladys and Rodrigues, Pedro},
year = {2004},
month = {09},
pages = {286-295},
title = {Learning with Drift Detection},
volume = {8},
journal = {Intelligent Data Analysis},
doi = {10.1007/978-3-540-28645-5_29}
}

